@book{cormen2009introduction,
  title={Introduction to Algorithms},
  author={Cormen, Thomas H. and Leiserson, Charles E. and Rivest, Ronald L. and Stein, Clifford},
  year={2009},
  edition={3},
  publisher={The MIT Press}
}

@book{goodrich2015data,
  title={Data Structures and Algorithms in Java},
  author={Goodrich, Michael T. and Tamassia, Roberto},
  year={2015},
  edition={6},
  publisher={John Wiley Sons}
}

@book{sedgewick2011algorithms,
  title={Algorithms},
  author={Sedgewick, Robert and Wayne, Kevin},
  year={2011},
  edition={4},
  publisher={Addison-Wesley}
}

@book{toth2002vehicle,
  title={The Vehicle Routing Problem},
  editor={Toth, Paolo and Vigo, Daniele},
  year={2002},
  publisher={Society for Industrial and Applied Mathematics}
}
